@book{R1976,
  author    = {Walter Rudin},
  title     = {Principles of Mathematical Analysis},
  year      = {1976},
  edition   = {3rd},
  publisher = {McGraw-Hill},
  address   = {New York},
  isbn      = {9780070542358}
}